<?xml version="1.0" encoding="UTF-8"?><collection xmlns="http://www.loc.gov/MARC21/slim"><record><leader>00403nam--2200133-i-4500</leader><controlfield tag="001">000014502</controlfield><controlfield tag="002">20161230</controlfield><controlfield tag="005">20161230201030</controlfield><controlfield tag="008">060222s1000------------r-----000-0-eng-d</controlfield><datafield ind1=" " ind2=" " tag="080"><subfield code="a">539.172.3:538.9(043)</subfield></datafield><datafield ind1=" " ind2=" " tag="100"><subfield code="a">Bohn, Christian</subfield></datafield><datafield ind1=" " ind2=" " tag="245"><subfield code="a">Methods and some applications of depth selecti ve coversion electron mossbauer spectroscopy</subfield></datafield><datafield ind1=" " ind2=" " tag="260"><subfield code="a">Stockholm, Ins. Of Physics, 1979. 21 P</subfield></datafield><datafield ind1=" " ind2=" " tag="852"><subfield code="a">71158</subfield></datafield></record></collection>